%% This BibTeX bibliography file was created using BibDesk.
%% http://bibdesk.sourceforge.net/


%% Created for Lukas Burk at 2015-01-13 14:30:47 +0100 


%% Saved with string encoding Unicode (UTF-8) 



@book{pinel,
	Author = {John P.J. Pinel and Paul Pauli},
	Date-Added = {2015-01-13 10:48:29 +0000},
	Date-Modified = {2015-01-13 13:30:31 +0000},
	Edition = {8., aktual.},
	Keywords = {Biopsychologie, Psychologie},
	Publisher = {Pearson: M{\"u}nchen},
	Title = {Biopsychologie},
	Year = {2012}}
